@article{alexe2012measuring,
  title={Measuring the objectness of image windows},
  author={Alexe, Bogdan and Deselaers, Thomas and Ferrari, Vittorio},
  journal={IEEE transactions on pattern analysis and machine intelligence},
  volume={34},
  number={11},
  pages={2189--2202},
  year={2012},
  publisher={IEEE}
}

@article{ba2016layer,
  title={Layer normalization},
  author={Ba, Jimmy Lei and Kiros, Jamie Ryan and Hinton, Geoffrey E},
  journal={arXiv preprint arXiv:1607.06450},
  year={2016}
}

@article{birdal2014novel,
  title={A Novel Method for Vectorization},
  author={Birdal, Tolga and Bala, Emrah},
  journal={arXiv preprint arXiv:1403.0728},
  year={2014}
}

@article{bojanowski2017optimizing,
  title={Optimizing the latent space of generative networks},
  author={Bojanowski, Piotr and Joulin, Armand and Lopez-Paz, David and Szlam, Arthur},
  journal={arXiv preprint arXiv:1707.05776},
  year={2017}
}

@article{bylinskii2017understanding,
  title={Understanding Infographics through Textual and Visual Tag Prediction},
  author={Bylinskii, Zoya and Alsheikh, Sami and Madan, Spandan and Recasens, Adria and Zhong, Kimberli and Pfister, Hanspeter and Durand, {Fr√©do} and Oliva, Aude},
  journal={arXiv preprint arXiv:1709.09215},
  year={2017}
}

@article{campbell2014learning,
  title={Learning a manifold of fonts},
  author={Campbell, Neill DF and Kautz, Jan},
  journal={ACM Transactions on Graphics (TOG)},
  volume={33},
  number={4},
  pages={91},
  year={2014},
  publisher={ACM}
}

@inproceedings{chen2016infogan,
  title={Infogan: Interpretable representation learning by information maximizing generative adversarial nets},
  author={Chen, Xi and Duan, Yan and Houthooft, Rein and Schulman, John and Sutskever, Ilya and Abbeel, Pieter},
  booktitle={Advances in Neural Information Processing Systems},
  pages={2172--2180},
  year={2016}
}

@article{chen2017sketch,
  title={Sketch-pix2seq: a Model to Generate Sketches of Multiple Categories},
  author={Chen, Yajing and Tu, Shikui and Yi, Yuqi and Xu, Lei},
  journal={arXiv preprint arXiv:1709.04121},
  year={2017}
}

@inproceedings{chung2015recurrent,
  title={A recurrent latent variable model for sequential data},
  author={Chung, Junyoung and Kastner, Kyle and Dinh, Laurent and Goel, Kratarth and Courville, Aaron C and Bengio, Yoshua},
  booktitle={Advances in neural information processing systems},
  pages={2980--2988},
  year={2015}
}

@article{doersch2016tutorial,
  title={Tutorial on variational autoencoders},
  author={Doersch, Carl},
  journal={arXiv preprint arXiv:1606.05908},
  year={2016}
}

@inproceedings{dubuisson1994modified,
  title={A modified Hausdorff distance for object matching},
  author={Dubuisson, M-P and Jain, Anil K},
  booktitle={Pattern Recognition, 1994. Vol. 1-Conference A: Computer Vision \& Image Processing., Proceedings of the 12th IAPR International Conference on},
  volume={1},
  pages={566--568},
  year={1994},
  organization={IEEE}
}

@article{ganin2017synthesizing,
  title={Synthesizing Programs for Images using Reinforced Adversarial Learning},
  author={Ganin, Yaroslav and Kulkarni, Tejas and Babuschkin, Igor and Ali Eslami, S.M. and Vinyals, Oriol},
  year={2017}
}

@inproceedings{goodfellow2014generative,
  title={Generative adversarial nets},
  author={Goodfellow, Ian and Pouget-Abadie, Jean and Mirza, Mehdi and Xu, Bing and Warde-Farley, David and Ozair, Sherjil and Courville, Aaron and Bengio, Yoshua},
  booktitle={Advances in neural information processing systems},
  pages={2672--2680},
  year={2014}
}

@TechReport{grasso2011svg,
  author      = "Anthony Grasso and Chris Lilley and Dean Jackson and Jon Ferraiolo and Patrick Dengler and Jonathan Watt and Cameron McCormack and Jun Fujisawa and Erik Dahlstr{\"{o}}m and Doug Schepers",
  title       = "Scalable Vector Graphics ({SVG}) {1.1} (Second Edition)",
  month       = aug,
  year        = "2011",
  bibsource   = "http://w2.syronex.com/jmr/w3c-biblio",
  type        = "{W3C} Recommendation",
  institution = "W3C",
}

@article{graves2013generating,
  title={Generating sequences with recurrent neural networks},
  author={Graves, Alex},
  journal={arXiv preprint arXiv:1308.0850},
  year={2013}
}

@article{gregor2015draw,
  title={DRAW: A recurrent neural network for image generation},
  author={Gregor, Karol and Danihelka, Ivo and Graves, Alex and Rezende, Danilo Jimenez and Wierstra, Daan},
  journal={arXiv preprint arXiv:1502.04623},
  year={2015}
}

@article{ha2017neural,
  title={A Neural Representation of Sketch Drawings},
  author={Ha, David and Eck, Douglas},
  journal={arXiv preprint arXiv:1704.03477},
  year={2017}
}

@inproceedings{hassan2010next,
  title={Next generation typeface representations: revisiting parametric fonts},
  author={Hassan, Tamir and Hu, Changyuan and Hersch, Roger D},
  booktitle={Proceedings of the 10th ACM symposium on Document engineering},
  pages={181--184},
  year={2010},
  organization={ACM}
}

@article{hennig2017classifying,
  title={A Classifying Variational Autoencoder with Application to Polyphonic Music Generation},
  author={Hennig, Jay A and Umakantha, Akash and Williamson, Ryan C},
  journal={arXiv preprint arXiv:1711.07050},
  year={2017}
}

@article{hochreiter1997long,
  title={Long short-term memory},
  author={Hochreiter, Sepp and Schmidhuber, J{\"u}rgen},
  journal={Neural computation},
  volume={9},
  number={8},
  pages={1735--1780},
  year={1997},
  publisher={MIT Press}
}

@article{isola2016image,
  title={Image-to-image translation with conditional adversarial networks},
  author={Isola, Phillip and Zhu, Jun-Yan and Zhou, Tinghui and Efros, Alexei A},
  journal={arXiv preprint arXiv:1611.07004},
  year={2016}
}

@article{iyyer2016amazing,
  title={The Amazing Mysteries of the Gutter: Drawing Inferences Between Panels in Comic Book Narratives},
  author={Iyyer, Mohit and Manjunatha, Varun and Guha, Anupam and Vyas, Yogarshi and Boyd-Graber, Jordan and Daum{\'e} III, Hal and Davis, Larry},
  journal={arXiv preprint arXiv:1611.05118},
  year={2016}
}

@article{janssen1997adaptive,
  title={Adaptive vectorization of line drawing images},
  author={Janssen, Rik DT and Vossepoel, Albert M},
  journal={Computer vision and image understanding},
  volume={65},
  number={1},
  pages={38--56},
  year={1997},
  publisher={Elsevier}
}

@online{karpathy2016generative,
  author={Andrej Karpathy and Pieter Abbeel and Greg Brockman and Peter Chen and Vicki Cheung and Rocky Duan and Ian Goodfellow and Durk Kingma and Jonathan Ho and Rein Houthooft and Tim Salimans and John Schulman and Ilya Sutskever and Wojciech Zaremba},
  title={Generative Models},
  year={2016},
  url={https://blog.openai.com/generative-models/},
}

@article{kingma2013auto,
  title={Auto-encoding variational bayes},
  author={Kingma, Diederik P and Welling, Max},
  journal={arXiv preprint arXiv:1312.6114},
  year={2013}
}

@book{knuth1979tex,
  title={TEX and METAFONT: New directions in typesetting},
  author={Knuth, Donald Ervin},
  year={1979},
  publisher={American Mathematical Society}
 }

@inproceedings{krizhevsky2012imagenet,
  title={Imagenet classification with deep convolutional neural networks},
  author={Krizhevsky, Alex and Sutskever, Ilya and Hinton, Geoffrey E},
  booktitle={Advances in neural information processing systems},
  pages={1097--1105},
  year={2012}
}

@inproceedings{lau2009learning,
  title={Learning by example for parametric font design},
  author={Lau, Vincent MK},
  booktitle={ACM SIGGRAPH ASIA 2009 Posters},
  pages={5},
  year={2009},
  organization={ACM}
}

@inproceedings{lian2016automatic,
  title={Automatic generation of large-scale handwriting fonts via style learning},
  author={Lian, Zhouhui and Zhao, Bo and Xiao, Jianguo},
  booktitle={SIGGRAPH ASIA 2016 Technical Briefs},
  pages={12},
  year={2016},
  organization={ACM}
}

@article{mogren2016c,
  title={C-RNN-GAN: Continuous recurrent neural networks with adversarial training},
  author={Mogren, Olof},
  journal={arXiv preprint arXiv:1611.09904},
  year={2016}
}

@article{radford2015unsupervised,
  title={Unsupervised representation learning with deep convolutional generative adversarial networks},
  author={Radford, Alec and Metz, Luke and Chintala, Soumith},
  journal={arXiv preprint arXiv:1511.06434},
  year={2015}
}

@inproceedings{ramanarayanan2007visual,
  title={Visual equivalence: towards a new standard for image fidelity},
  author={Ramanarayanan, Ganesh and Ferwerda, James and Walter, Bruce and Bala, Kavita},
  booktitle={ACM Transactions on Graphics (TOG)},
  volume={26},
  number={3},
  pages={76},
  year={2007},
  organization={ACM}
}

@article{semeniuta2017hybrid,
  title={A Hybrid Convolutional Variational Autoencoder for Text Generation},
  author={Semeniuta, Stanislau and Severyn, Aliaksei and Barth, Erhardt},
  journal={arXiv preprint arXiv:1702.02390},
  year={2017}
}

@inproceedings{seo2014diagram,
  title={Diagram Understanding in Geometry Questions.},
  author={Seo, Min Joon and Hajishirzi, Hannaneh and Farhadi, Ali and Etzioni, Oren},
  booktitle={AAAI},
  pages={2831--2838},
  year={2014}
}

@article{simonyan2014very,
  title={Very deep convolutional networks for large-scale image recognition},
  author={Simonyan, Karen and Zisserman, Andrew},
  journal={arXiv preprint arXiv:1409.1556},
  year={2014}
}

@inproceedings{tenenbaum1997separating,
  title={Separating style and content},
  author={Tenenbaum, Joshua B and Freeman, William T},
  booktitle={Advances in neural information processing systems},
  pages={662--668},
  year={1997}
}

@article{theis2015note,
  title={A note on the evaluation of generative models},
  author={Theis, Lucas and Oord, A{\"a}ron van den and Bethge, Matthias},
  journal={arXiv preprint arXiv:1511.01844},
  year={2015}
}

@article{upchurch2016z,
  title={From A to Z: supervised transfer of style and content using deep neural network generators},
  author={Upchurch, Paul and Snavely, Noah and Bala, Kavita},
  journal={arXiv preprint arXiv:1603.02003},
  year={2016}
}

@inproceedings{wang2015deepfont,
  title={Deepfont: Identify your font from an image},
  author={Wang, Zhangyang and Yang, Jianchao and Jin, Hailin and Shechtman, Eli and Agarwala, Aseem and Brandt, Jonathan and Huang, Thomas S},
  booktitle={Proceedings of the 23rd ACM international conference on Multimedia},
  pages={451--459},
  year={2015},
  organization={ACM}
}

@inproceedings{wang2016generative,
  title={Generative image modeling using style and structure adversarial networks},
  author={Wang, Xiaolong and Gupta, Abhinav},
  booktitle={European Conference on Computer Vision},
  pages={318--335},
  year={2016},
  organization={Springer}
}

@inproceedings{wu2017neural,
  title={Neural scene de-rendering},
  author={Wu, Jiajun and Tenenbaum, Joshua B and Kohli, Pushmeet},
  booktitle={Proceedings of the IEEE Conference on Computer Vision and Pattern Recognition},
  pages={699--707},
  year={2017}
}

@article{xu2005automatic,
  title={Automatic generation of artistic Chinese calligraphy},
  author={Xu, Songhua and Lau, Francis CM and Cheung, William K and Pan, Yunhe},
  journal={IEEE Intelligent Systems},
  volume={20},
  number={3},
  pages={32--39},
  year={2005},
  publisher={IEEE}
}

@article{zhang2016split,
  title={Split-brain autoencoders: Unsupervised learning by cross-channel prediction},
  author={Zhang, Richard and Isola, Phillip and Efros, Alexei A},
  journal={arXiv preprint arXiv:1611.09842},
  year={2016}
}

